% Encoding: windows-1252

@Misc{manTikz,
  title = {{The TikZ and PGF Packages. Manual for Version 3.1.10. Unofficial HTML Version}},
  year  = {2023},
  url   = {https://tikz.dev},
}

@Comment{jabref-meta: databaseType:bibtex;}

@Comment{jabref-meta: grouping:
0 AllEntriesGroup:;
1 StaticGroup:Markings\;2\;1\;\;\;\;;
2 StaticGroup:Alberto:6\;2\;1\;\;\;\;;
2 StaticGroup:[Alberto:]\;2\;1\;\;\;\;;
}
